<record><leader>00000cas a22000007a 4500</leader><controlfield tag="001">8792635</controlfield><controlfield tag="008">820921d184018uuaruwr ne      0    0eng  </controlfield><datafield ind1=" " ind2=" " tag="010"><subfield code="a">sn 82014771 </subfield></datafield><datafield ind1=" " ind2=" " tag="040"><subfield code="a">DLC</subfield><subfield code="b">eng</subfield><subfield code="c">DLC</subfield><subfield code="d">ANU</subfield><subfield code="d">OCL</subfield><subfield code="d">OCLCQ</subfield></datafield><datafield ind1=" " ind2=" " tag="042"><subfield code="a">msc</subfield></datafield><datafield ind1=" " ind2=" " tag="043"><subfield code="a">n-us-ar</subfield></datafield><datafield ind1="0" ind2="0" tag="050"><subfield code="a">Newspaper 7087-X</subfield></datafield><datafield ind1="0" ind2=" " tag="130"><subfield code="a">Messenger (Napoleon, Ark.)</subfield></datafield><datafield ind1="1" ind2="4" tag="245"><subfield code="a">The Messenger.</subfield></datafield><datafield ind1=" " ind2=" " tag="260"><subfield code="a">Napoleon, Ark. :</subfield><subfield code="b">R.S. Terry</subfield></datafield><datafield ind1=" " ind2=" " tag="300"><subfield code="a">v. ;</subfield><subfield code="c">48 cm.</subfield></datafield><datafield ind1=" " ind2=" " tag="310"><subfield code="a">Weekly</subfield></datafield><datafield ind1="1" ind2=" " tag="362"><subfield code="a">Began in Oct. 1840.</subfield><subfield code="z">Cf. Gregory, W. Amer. newspapers.</subfield></datafield><datafield ind1=" " ind2=" " tag="588"><subfield code="a">Description based on: Vol. 2, no. 4 (Nov. 14, 1840).</subfield></datafield><datafield ind1=" " ind2="0" tag="651"><subfield code="a">Napoleon (Ark.)</subfield><subfield code="v">Newspapers.</subfield></datafield><datafield ind1=" " ind2=" " tag="752"><subfield code="a">United States</subfield><subfield code="b">Arkansas</subfield><subfield code="c">Desha</subfield><subfield code="d">Napoleon.</subfield></datafield><datafield ind1="0" ind2="0" tag="780"><subfield code="t">Napoleon journal</subfield><subfield code="w">(DLC)sn 82014886</subfield></datafield><datafield ind1="1" ind2=" " tag="029"><subfield code="a">AU@</subfield><subfield code="b">000025822234</subfield></datafield></record>